Date,Description,Money In (€),Money Out (€),Balance (€)
30/10/2025,UTILITY PAYMENT,-,207.07,105429.76
29/10/2025,INCOMING TRANSFER,69000.00,-,105636.83
29/10/2025,ONLINE PAYMENT,-,500.00,36636.83
29/10/2025,SUBSCRIPTION,-,13.99,37136.83
28/10/2025,LOAN PAYMENT,-,1211.36,37150.82
28/10/2025,INSURANCE,-,145.48,38362.18
24/10/2025,SALARY,8215.35,-,38507.66
14/10/2025,SUBSCRIPTION,-,9.99,30292.31
10/10/2025,GROCERY STORE,-,150.25,30302.30
05/10/2025,RESTAURANT,-,75.50,30452.55
